@inproceedings{cutler2019narrative,
  author={Cutler, Rebecca and Palan, Jordan and Polyn, Sean and Brown-Schmidt, Sarah},
  title={Semantic and temporal structure in memory for narratives: A benefit for semantically congruent ideas},
  booktitle={Context and Episodic Memory Symposium},
  year={2019},
  address={Philadelpha, PA}
}